@misc{latex2012,
   author = "{\LaTeX} Team",
   title="{URL}s in {BibTeX} bibliographies",
   howpublished = "\url{http://www.tex.ac.uk/cgi-bin/texfaq2html?label=citeURL}",
   year = 2012
}

@misc{swc,
    title = "SWC Registry",
    author = "MythX",
    howpublished = "\url{https://swcregistry.io/}",
    addendum = "(accessed: 31.03.2022)",
    keywords = "SWC, registry",
    year = "2020"
}

@misc{ibm-blockchain,
    title = "Blockchain for financial services",
    author = "IBM",
    howpublished = "\url{https://www.ibm.com/blockchain/industries/financial-services}",
    addendum     = "(accessed: 19/04/2023)",
    keywords = "IBM, Blockchain, Financial Services",
}

@article{key,
  author          = { "H. Kent Baker", "Hugo Benedetti", "Ehsan Nikbakht", "Sean Stein Smith", "Andrew C. Spieler"},
  journal         = "World Financial Review",
  number          = 1,
  title           = {},
  volume          = {},
  year            = {}
}

@article{Xu2019,
    author = {Xu, Min and Chen, Xingtong and Kou, Gang},
    journal = {Financial Innovation},
    number = {1},
    title = {A systematic review of blockchain},
    volume = {5},
    year = {2019},
    doi = {10.1186/s40854-019-0147-z},
    url = {https://doi.org/10.1186/s40854-019-0147-z},
    issn = {2199-4730},
}

@article{hildenbrandt2017kevm,
  title={Kevm: A complete semantics of the ethereum virtual machine},
  author={Hildenbrandt, Everett and Saxena, Manasvi and Zhu, Xiaoran and Rodrigues, Nishant and Daian, Philip and Guth, Dwight and Ro{\c{s}}u, Grigore},
  year={2017}
}